<?xml version="1.0" encoding="UTF-8"?><record xmlns="http://www.loc.gov/MARC21/slim" xmlns:cinclude="http://apache.org/cocoon/include/1.0" xmlns:zs="http://www.loc.gov/zing/srw/">
  <leader>00410cz  a2200121n  4500</leader>
  <controlfield tag="001">n  95118968 </controlfield>
  <controlfield tag="003">DLC</controlfield>
  <controlfield tag="005">19960304152453.9</controlfield>
  <controlfield tag="008">951212n| acannaab|          |n aaa |||  </controlfield>
  <datafield tag="010" ind1=" " ind2=" ">
    <subfield code="a">n  95118968 </subfield>
  </datafield>
  <datafield tag="040" ind1=" " ind2=" ">
    <subfield code="a">DLC</subfield>
    <subfield code="c">DLC</subfield>
    <subfield code="d">DLC</subfield>
  </datafield>
  <datafield tag="100" ind1="1" ind2="0">
    <subfield code="a">Turk, Margaret A.</subfield>
  </datafield>
  <datafield tag="670" ind1=" " ind2=" ">
    <subfield code="a">The health of women with physical disabilities, c1996:</subfield>
    <subfield code="b">CIP t.p. (Margaret A. Turk, M.D.; Univ. of New York at Syracuse) data sheet (Turk, Margaret A.)</subfield>
  </datafield>
</record>